%%%%%%%%%%%%%%%%%%%%%%%%%%%%%
%
%
% Custom biblatex file for
% the Morpion problems
%
%
%%%%%%%%%%%%%%%%%%%%%%%%%%%%%

%%%%%%%%%%%%%%%%%%%%%%%%%%%%%
%
%
% Online stuff
%
%
%%%%%%%%%%%%%%%%%%%%%%%%%%%%%

@online{bruneau,
  author = {Charles-Henri Bruneau},
  title = {A {M}orpion 5{T} grid consisting of 170 moves},
  year = 1976,
  url = {http://www.morpionsolitaire.com/English/BruneauRecord5T.htm}
}

@online{akiyama,
  author = {Haruhiko Akiyama},
  title = {A computer generated {M}orpion 5{T} grid consisting of 145 moves},
  year = 2010,
  url = {http://www.morpionsolitaire.com/English/RecordsGrids5T.htm}
}

@online{rosin2,
  author = {Chrisopher D. Rosin},
  title = {A computer generated {M}orpion 5{T} grid consisting of 178 moves},
  year = 2010,
  url = {http://www.morpionsolitaire.com/English/RecordsGrids5T.htm}
}


@online{boyer,
  author = {Christian Boyer},
  title = {Morpion Solitaire},
  year = 2008,
  url = {http://www.morpionsolitaire.com}
}


@online{boyer2,
  author = {Christian Boyer},
  title = {Morpion Solitaire},
  year = 2008,
  url = {http://www.morpionsolitaire.com/English/Limits.htm#BestFinal5T}
}

@online{bertin,
  author = {Christian Boyer},
  title = {Morpion Solitaire},
  year = 2008,
  url = {http://www.morpionsolitaire.com/English/RecordsGrids5T+.htm}
}


@online{thewebpage,
  author = {Henryk Michalewski and Andrzej Nag√≥rko and Jakub Pawlewicz},
  title = {Linear programs giving a new upper bound in the {M}orpion 5{T} game},
  year = 2015,
  url = {https://github.com/anagorko/morpion-lpp}
}


%%%%%%%%%%%%%%%%%%%%%%%%%%%%%
%
%
% Articles
%
%
%%%%%%%%%%%%%%%%%%%%%%%%%%%%%


@article{demaine,
  author    = {Erik D. Demaine and
               Martin L. Demaine and
               Arthur Langerman and
               Stefan Langerman},
  title     = {Morpion Solitaire},
  journal   = {Theory Comput. Syst.},
  volume    = {39},
  number    = {3},
  year      = {2006},
  pages     = {439-453},
  ee        = {http://dx.doi.org/10.1007/s00224-005-1240-4},
  bibsource = {DBLP, http://dblp.uni-trier.de}
}

@article{lastMove,
  author    = {Pekka Karjalainen},
  title     = {Bounding the Upper Limit of Moves in the Game of
Morpion Solitaire 5D},
  journal   = {unpublished manuscript available at http://www.morpionsolitaire.com/Karjalainen.pdf},
  ee        = {http://www.morpionsolitaire.com/Karjalainen.pdf},
  bibsource = {DBLP, http://dblp.uni-trier.de}
}

@inproceedings{japonczycy,
  author    = {Akitoshi Kawamura and
               Takuma Okamoto and
               Yuichi Tatsu and
               Yushi Uno and
               Masahide Yamato},
  title     = {Morpion Solitaire 5D: a new upper bound 121 on the maximum
               score},
  booktitle = {CCCG},
  year      = {2013},
  ee        = {http://cccg.ca/proceedings/2013/papers/paper_25.pdf},
  crossref  = {DBLP:conf/cccg/2013},
  bibsource = {DBLP, http://dblp.uni-trier.de}
}

@inproceedings{rosin,
   author              = {Christopher D. Rosin},
   title               = {Nested Rollout Policy Adaptation for Monte Carlo Tree Search.},
   booktitle           = {IJCAI},
   year                = {2011},
   pages               = {649-654},
   ee                  = {http://ijcai.org/papers11/Papers/IJCAI11-115.pdf},
   crossref            = {2011},
}

@article {brass,
    AUTHOR = {Brass, Peter},
     TITLE = {Erd{\H o}s distance problems in normed spaces},
   JOURNAL = {Comput. Geom.},
  FJOURNAL = {Computational Geometry. Theory and Applications},
    VOLUME = {6},
      YEAR = {1996},
    NUMBER = {4},
     PAGES = {195--214},
      ISSN = {0925-7721},
   MRCLASS = {52C10 (52A21)},
  MRNUMBER = {1392310 (97c:52036)},
MRREVIEWER = {Konrad J. Swanepoel},
       DOI = {10.1016/0925-7721(95)00019-4},
       URL = {http://dx.doi.org/10.1016/0925-7721(95)00019-4},
}

 @misc{gurobi,
   author = "Gurobi Optimization, Inc.",
   title = "Gurobi Optimizer Reference Manual",
   year = 2015,
   url = "http://www.gurobi.com"
 }


